@ARTICLE{FJSVV,
       author = {{Frei}, Sarah and {Ji}, Lena and {Sankar}, Soumya and {Viray}, Bianca and {Vogt}, Isabel},
        title = "{Curve classes on conic bundle threefolds and applications to rationality}",
      journal = {arXiv e-prints},
     keywords = {Mathematics - Algebraic Geometry, 14E08 (Primary), 14G27, 14H40, 14K30 (Secondary)},
          eid = {arXiv:2207.07093},
        pages = {arXiv:2207.07093},
archivePrefix = {arXiv},
       eprint = {2207.07093},
 primaryClass = {math.AG},
}


@ARTICLE{bw-ij,
       author = {Benoist, Olivier and Wittenberg, Olivier},
        title = "{Intermediate Jacobians and rationality over arbitrary fields}",
      journal = {arXiv e-prints},
     keywords = {Mathematics - Algebraic Geometry},
          eid = {arXiv:1909.12668},
        pages = {arXiv:1909.12668},
archivePrefix = {arXiv},
       eprint = {1909.12668},
 primaryClass = {math.AG},
}

@article {bw-cg,
    AUTHOR = {Benoist, Olivier and Wittenberg, Olivier},
     TITLE = {The {C}lemens-{G}riffiths method over non-closed fields},
   JOURNAL = {Algebr. Geom.},
  FJOURNAL = {Algebraic Geometry},
    VOLUME = {7},
      YEAR = {2020},
    NUMBER = {6},
     PAGES = {696--721},
      ISSN = {2313-1691},
   MRCLASS = {14E08 (14G27 14K30)},
  MRNUMBER = {4156423},
       DOI = {10.14231/ag-2020-025},
}

@article {bruin,
    AUTHOR = {Bruin, Nils},
     TITLE = {The arithmetic of {P}rym varieties in genus 3},
   JOURNAL = {Compos. Math.},
  FJOURNAL = {Compositio Mathematica},
    VOLUME = {144},
      YEAR = {2008},
    NUMBER = {2},
     PAGES = {317--338},
      ISSN = {0010-437X},
   MRCLASS = {11G30 (14H40)},
  MRNUMBER = {2406115},
       DOI = {10.1112/S0010437X07003314},
}


@article {prokhorov-rationality-conic-bundles,
    AUTHOR = {Prokhorov, Yu. G.},
     TITLE = {The rationality problem for conic bundles},
   JOURNAL = {Uspekhi Mat. Nauk},
  FJOURNAL = {Uspekhi Matematicheskikh Nauk},
    VOLUME = {73},
      YEAR = {2018},
    NUMBER = {3(441)},
     PAGES = {3--88},
      ISSN = {0042-1316},
   MRCLASS = {14E08 (14E07 14E30 14M20)},
  MRNUMBER = {3807895},
       DOI = {10.4213/rm9811},
}

@article {ht-intersection-quadrics,
    AUTHOR = {Hassett, Brendan and Tschinkel, Yuri},
     TITLE = {Rationality of complete intersections of two quadrics over
              nonclosed fields},
      NOTE = {With an appendix by Jean-Louis Colliot-Th\'{e}l\`ene},
   JOURNAL = {Enseign. Math.},
  FJOURNAL = {L'Enseignement Math\'{e}matique},
    VOLUME = {67},
      YEAR = {2021},
    NUMBER = {1-2},
     PAGES = {1--44},
      ISSN = {0013-8584},
   MRCLASS = {14E08 (14M10)},
  MRNUMBER = {4323991},
       DOI = {10.4171/lem/1001},
}


@book {CTS-Brauer-book,
    AUTHOR = {Colliot-Th\'{e}l\`ene, Jean-Louis and Skorobogatov, Alexei N.},
     TITLE = {The {B}rauer-{G}rothendieck group},
    SERIES = {Ergebnisse der Mathematik und ihrer Grenzgebiete. 3. Folge. A
              Series of Modern Surveys in Mathematics [Results in
              Mathematics and Related Areas. 3rd Series. A Series of Modern
              Surveys in Mathematics]},
    VOLUME = {71},
 PUBLISHER = {Springer, Cham},
      YEAR = {2021},
     PAGES = {xv+453},
      ISBN = {978-3-030-74247-8; 978-3-030-74248-5},
   MRCLASS = {14F22 (14E08 14G05 14G12 14K05)},
  MRNUMBER = {4304038},
}


@article {Clemens-Griffiths-ij,
    AUTHOR = {Clemens, C. Herbert and Griffiths, Phillip A.},
     TITLE = {The {I}ntermediate {J}acobian of the Cubic Threefold},
   JOURNAL = {Ann. of Math.},
  FJOURNAL = {Annals of Mathematics},
    VOLUME = {95},
      YEAR = {1972},
    NUMBER = {2},
     PAGES = {281--356},
   MRCLASS = {14J10 (14G13 14J05 14K20 14M20 14N99)},
  MRNUMBER = {0302652 },
       DOI = {10.2307/1970801},
}


@article {Witt-quadratic-forms,
    AUTHOR = {Witt, Ernst},
     TITLE = {Theorie der quadratischen {F}ormen in beliebigen {K}\"{o}rpern},
   JOURNAL = {J. Reine Angew. Math.},
  FJOURNAL = {Journal f\"{u}r die Reine und Angewandte Mathematik. [Crelle's
              Journal]},
    VOLUME = {176},
      YEAR = {1937},
     PAGES = {31--44},
      ISSN = {0075-4102},
   MRCLASS = {DML},
  MRNUMBER = {1581519},
       DOI = {10.1515/crll.1937.176.31},
}



@article {Krasnov-biquadrics,
    AUTHOR = {Krasnov, V. A.},
     TITLE = {On the intersection of two real quadrics},
   JOURNAL = {Izv. Ross. Akad. Nauk Ser. Mat.},
  FJOURNAL = {Izvestiya Rossiiskoi Akademii Nauk. Seriya Matematicheskaya},
    VOLUME = {82},
      YEAR = {2018},
    NUMBER = {1},
     PAGES = {97--150},
      ISSN = {1607-0046},
   MRCLASS = {14P25 (14M10 14N25 57R19)},
  MRNUMBER = {3749598},
       DOI = {10.4213/im8535},
}


@book {EKM,
    AUTHOR = {Elman, Richard and Karpenko, Nikita and Merkurjev, Alexander},
     TITLE = {The algebraic and geometric theory of quadratic forms},
    SERIES = {American Mathematical Society Colloquium Publications},
    VOLUME = {56},
 PUBLISHER = {American Mathematical Society, Providence, RI},
      YEAR = {2008},
     PAGES = {viii+435},
      ISBN = {978-0-8218-4329-1},
   MRCLASS = {11Exx (11-02 11E04 11E81 14C15 14C25)},
  MRNUMBER = {2427530},
       DOI = {10.1090/coll/056},
}


@article {HT-cycle,
    AUTHOR = {Hassett, Brendan and Tschinkel, Yuri},
     TITLE = {Cycle class maps and birational invariants},
   JOURNAL = {Comm. Pure Appl. Math.},
  FJOURNAL = {Communications on Pure and Applied Mathematics},
    VOLUME = {74},
      YEAR = {2021},
    NUMBER = {12},
     PAGES = {2675--2698},
      ISSN = {0010-3640},
   MRCLASS = {14E08 (14M20)},
  MRNUMBER = {4373165},
       DOI = {10.1002/cpa.21967},
}

@article {PSV-quartics,
    AUTHOR = {Plaumann, Daniel and Sturmfels, Bernd and Vinzant, Cynthia},
     TITLE = {Quartic curves and their bitangents},
   JOURNAL = {J. Symbolic Comput.},
  FJOURNAL = {Journal of Symbolic Computation},
    VOLUME = {46},
      YEAR = {2011},
    NUMBER = {6},
     PAGES = {712--733},
      ISSN = {0747-7171},
   MRCLASS = {14H50 (14N05)},
  MRNUMBER = {2781949},
       DOI = {10.1016/j.jsc.2011.01.007},
       URL = {https://doi.org/10.1016/j.jsc.2011.01.007},
}

@article{Zeuthen1874,
author = {Zeuthen, Hieronymus Georg},
journal = {Mathematische Annalen},
language = {fre},
pages = {410--432},
title = {Sur les diff\'{e}rentes formes des courbes planes du quatri\`{e}me ordre},
volume = {7},
year = {1874},
}

@article{Klein1876,
author = {Klein, Felix},
journal = {Mathematische Annalen},
pages = {365--397},
title = {\"{U}ber den Verlauf der Abelschen Integrale bei den Kurven vierten Grades},
volume = {10},
year = {1876},
}

@article {DelfsKnebusch,
    AUTHOR = {Delfs, Hans and Knebusch, Manfred},
     TITLE = {Semialgebraic topology over a real closed field. {I}. {P}aths and components in the set of rational points of an algebraic variety},
   JOURNAL = {Math. Z.},
  FJOURNAL = {Mathematische Zeitschrift},
    VOLUME = {177},
      YEAR = {1981},
    NUMBER = {1},
     PAGES = {107--129},
      ISSN = {0025-5874},
   MRCLASS = {14G30 (10C04 10C05 14F25)},
  MRNUMBER = {611473},
       DOI = {10.1007/BF01214342},
}


@book {BCR-realAG,
    AUTHOR = {Bochnak, Jacek and Coste, Michel and Roy, Marie-Fran\c{c}oise},
     TITLE = {Real algebraic geometry},
    SERIES = {Ergebnisse der Mathematik und ihrer Grenzgebiete (3) [Results
              in Mathematics and Related Areas (3)]},
    VOLUME = {36},
      NOTE = {Translated from the 1987 French original,
              Revised by the authors},
 PUBLISHER = {Springer-Verlag, Berlin},
      YEAR = {1998},
     PAGES = {x+430},
      ISBN = {3-540-64663-9},
   MRCLASS = {14Pxx (11E25 32C05 58A07)},
  MRNUMBER = {1659509},
       DOI = {10.1007/978-3-662-03718-8},
}

@article {CTParimala,
    AUTHOR = {Colliot-Th\'{e}l\`ene, J.-L. and Parimala, R.},
     TITLE = {Real components of algebraic varieties and \'{e}tale cohomology},
   JOURNAL = {Invent. Math.},
  FJOURNAL = {Inventiones Mathematicae},
    VOLUME = {101},
      YEAR = {1990},
    NUMBER = {1},
     PAGES = {81--99},
      ISSN = {0020-9910},
   MRCLASS = {14G27 (11E81 14F20 14P99)},
  MRNUMBER = {1055712},
       DOI = {10.1007/BF01231498},
}

@book {Mangolte-realAG,
    AUTHOR = {Mangolte, Fr\'{e}d\'{e}ric},
     TITLE = {Real algebraic varieties},
    SERIES = {Springer Monographs in Mathematics},
      NOTE = {Translated from the 2017 French original [ 3727103] by
              Catriona Maclean},
 PUBLISHER = {Springer, Cham},
      YEAR = {[2020] \copyright 2020},
     PAGES = {xviii+444},
      ISBN = {978-3-030-43104-4; 978-3-030-43103-7},
   MRCLASS = {14Pxx},
  MRNUMBER = {4179588},
       DOI = {10.1007/978-3-030-43104-4},
}

@article {Iskovskikh-rationality-cbs,
    AUTHOR = {Iskovskikh, V. A.},
     TITLE = {On the rationality problem for conic bundles},
   JOURNAL = {Duke Math. J.},
  FJOURNAL = {Duke Mathematical Journal},
    VOLUME = {54},
      YEAR = {1987},
    NUMBER = {2},
     PAGES = {271--294},
      ISSN = {0012-7094},
   MRCLASS = {14J30 (14E35)},
  MRNUMBER = {899398},
       DOI = {10.1215/S0012-7094-87-05416-0},
}

@misc {JJ-code,
    AUTHOR = {Ji, Lena and Ji, Mattie},
     TITLE = {Code accompanying ``{R}ationality of real conic bundles with quartic discriminant curve''},
      HOWPUBLISHED = {\url{https://github.com/lena-ji/ConicBundles}},
}

@book {Dolgachev-CAG,
    AUTHOR = {Dolgachev, Igor V.},
     TITLE = {Classical algebraic geometry},
      NOTE = {A modern view},
 PUBLISHER = {Cambridge University Press, Cambridge},
      YEAR = {2012},
     PAGES = {xii+639},
      ISBN = {978-1-107-01765-8},
   MRCLASS = {14-02 (14-01)},
  MRNUMBER = {2964027},
}

@ARTICLE{Koll'ar-real-surfaces,
       author = {{Koll{\'a}r}, J{\'a}nos},
        title = "{Real Algebraic Surfaces}",
      journal = {arXiv e-prints},
     keywords = {Algebraic Geometry, 14J26, 14P25 (Primary) 14E30 (Secondary)},
         year = 1997,
        month = dec,
          eid = {alg-geom/9712003},
        pages = {alg-geom/9712003},
archivePrefix = {arXiv},
       eprint = {alg-geom/9712003},
 primaryClass = {math.AG},
}

@article{ComessattiFondamentiPL,
  title={Fondamenti per la geometria sopra le suerficie razionali dal punto di vista reale},
  author={Annibale Comessatti},
  journal={Mathematische Annalen},
  volume={73},
  year={1912},
  pages={1--72}
}

@incollection {FriedmanMorgan,
    AUTHOR = {Friedman, Robert and Morgan, John W.},
     TITLE = {Exceptional groups and del {P}ezzo surfaces},
 BOOKTITLE = {Symposium in {H}onor of {C}. {H}. {C}lemens ({S}alt {L}ake
              {C}ity, {UT}, 2000)},
    SERIES = {Contemp. Math.},
    VOLUME = {312},
     PAGES = {101--116},
 PUBLISHER = {Amer. Math. Soc., Providence, RI},
      YEAR = {2002},
   MRCLASS = {14J25 (14J60 14L35)},
  MRNUMBER = {1941576},
       DOI = {10.1090/conm/312/04988},
}

@article {springer,
    AUTHOR = {Springer, Tonny Albert},
     TITLE = {Sur les formes quadratiques d'indice z\'{e}ro},
   JOURNAL = {C. R. Acad. Sci. Paris},
  FJOURNAL = {Comptes Rendus Hebdomadaires des S\'{e}ances de l'Acad\'{e}mie des
              Sciences},
    VOLUME = {234},
      YEAR = {1952},
     PAGES = {1517--1519},
      ISSN = {0001-4036},
   MRCLASS = {09.1X},
  MRNUMBER = {47021},
MRREVIEWER = {W. H. Durfee},
}

@incollection {AgrachevGamkrelidze,
    AUTHOR = {Agrach\"{e}v, A. A. and Gamkrelidze, R. V.},
     TITLE = {Quadratic mappings and smooth vector functions: {E}uler
              characteristics of level sets},
 BOOKTITLE = {Current problems in mathematics. {N}ewest results, {V}ol. 35
              ({R}ussian)},
    SERIES = {Itogi Nauki i Tekhniki},
     PAGES = {179--239},
      NOTE = {Translated in J. Soviet Math. {{\bf{5}}5} (1991), no. 4,
              1892--1928},
 PUBLISHER = {Akad. Nauk SSSR, Vsesoyuz. Inst. Nauchn. i Tekhn. Inform.,
              Moscow},
      YEAR = {1989},
   MRCLASS = {58E05 (58C06 58C27)},
  MRNUMBER = {1012331},
}

@misc{main-paper,
  doi = {10.48550/ARXIV.2208.08916},
  
  url = {https://arxiv.org/abs/2208.08916},
  
  author = {Ji, Lena and Ji, Mattie},
  
  keywords = {Algebraic Geometry (math.AG), FOS: Mathematics, FOS: Mathematics, 14E08 (Primary), 14P25, 14M20, 14D06 (Secondary)},
  
  title = {Rationality of real conic bundles with quartic discriminant curve},
  
  publisher = {arXiv},
  
  year = {2022},
  
  copyright = {arXiv.org perpetual, non-exclusive license}
}


%Appendix A4.2 of Real Enriques Surfaces by Alexander Degtyarev, Ilia Itenberg, Viatcheslav Kharlamov https://link.springer.com/book/10.1007/BFb0103960
% {{Frei}, Sarah and {Ji}, Lena and {Sankar}, Soumya and {Viray}, Bianca and {Vogt}, Isabel}
 @inbook{degtjarev_itenberg_kharlamov_2000, place={Berlin},
 title={Real Enriques surfaces},
 PAGES = {211--212},
 booktitle={Real Enriques surfaces},
 publisher={Springer},
 author={Degtjarev, Aleksandr and Itenberg, Il'ja V. and Kharlamov, Viatcheslav},
 year={2000}} 